@Article{sample_ref,
  author = 	 {Fake Author1 and Imaginary Author2},
  title = 	 {Artificial generation of titles for research reports},
  journal =  {Journal of Imaginary Research},
  year = 	 {2002},
  volume = 	 {i},
  pages = 	 {1-2},
}

@article{forget2015,
  title={ECCO version 4: An integrated framework for non-linear inverse modeling and global ocean state estimation},
  author={Forget, GAEL and Campin, J-M and Heimbach, Patrick and Hill, Christopher N and Ponte, Rui M and Wunsch, Carl},
  year={2015},
  publisher={Copernicus GmbH}
}

@article{petersen2019evaluation,
  title={An Evaluation of the Ocean and Sea Ice Climate of E3SM Using MPAS and Interannual CORE-II Forcing},
  author={Petersen, Mark R and Asay-Davis, Xylar S and Berres, Anne S and Chen, Qingshan and Feige, Nils and Hoffman, Matthew J and Jacobsen, Douglas W and Jones, Philip W and Maltrud, Mathew E and Price, Stephen F and others},
  journal={Journal of Advances in Modeling Earth Systems},
  year={2019},
  publisher={Wiley Online Library}
}

@article{large2009global,
  title={The global climatology of an interannually varying air--sea flux data set},
  author={Large, Wo G and Yeager, SG},
  journal={Climate dynamics},
  volume={33},
  number={2-3},
  pages={341--364},
  year={2009},
  publisher={Springer}
}

@inproceedings{lu2016understanding,
  title={Understanding the Control of Extratropical Atmospheric Variability on ENSO Using Regional Coupled Data Assimilation},
  author={Lu, F and Liu, Z and Liu, Y and Zhang, S and Jacob, RL},
  booktitle={AGU Fall Meeting Abstracts},
  year={2016}
}

@article{lu2017understanding,
  title={Understanding the control of extratropical atmospheric variability on ENSO using a coupled data assimilation approach},
  author={Lu, Feiyu and Liu, Zhengyu and Liu, Yun and Zhang, Shaoqing and Jacob, Robert},
  journal={Climate dynamics},
  volume={48},
  number={9-10},
  pages={3139--3160},
  year={2017},
  publisher={Springer}
}

@article{capet2004upwelling,
  title={Upwelling response to coastal wind profiles},
  author={Capet, XJ and Marchesiello, P and McWilliams, JC},
  journal={Geophysical Research Letters},
  volume={31},
  number={13},
  year={2004},
  publisher={Wiley Online Library}
}

@article{small2014new,
  title={A new synoptic scale resolving global climate simulation using the Community Earth System Model},
  author={Small, R Justin and Bacmeister, Julio and Bailey, David and Baker, Allison and Bishop, Stuart and Bryan, Frank and Caron, Julie and Dennis, John and Gent, Peter and Hsu, Hsiao-ming and others},
  journal={Journal of Advances in Modeling Earth Systems},
  volume={6},
  number={4},
  pages={1065--1094},
  year={2014},
  publisher={Wiley Online Library}
}

@article{capet2008mesoscale,
  title={Mesoscale to submesoscale transition in the California Current System. Part I: Flow structure, eddy flux, and observational tests},
  author={Capet, Xavier and McWilliams, JAMES C and Molemaker, M JEROEN and Shchepetkin, AF},
  journal={Journal of physical oceanography},
  volume={38},
  number={1},
  pages={29--43},
  year={2008}
}

@article{woodring2015situ,
  title={In situ eddy analysis in a high-resolution ocean climate model},
  author={Woodring, Jonathan and Petersen, Mark and Schmei$\beta$er, Andre and Patchett, John and Ahrens, James and Hagen, Hans},
  journal={IEEE transactions on visualization and computer graphics},
  volume={22},
  number={1},
  pages={857--866},
  year={2015},
  publisher={IEEE}
}

@article{lorenzo2004modelling,
  title={Modelling observed California Current mesoscale eddies and the ecosystem response},
  author={Lorenzo, Emanuele Di and Miller, Arthur J and Neilson, Douglas J and Cornuelle, Bruce D and Moisan, John R},
  journal={International Journal of Remote Sensing},
  volume={25},
  number={7-8},
  pages={1307--1312},
  year={2004},
  publisher={Taylor \& Francis}
}

@article{wolfram2015diagnosing,
  title={Diagnosing isopycnal diffusivity in an eddying, idealized midlatitude ocean basin via Lagrangian, in Situ, Global, High-Performance Particle Tracking (LIGHT)},
  author={Wolfram, Phillip J and Ringler, Todd D and Maltrud, Mathew E and Jacobsen, Douglas W and Petersen, Mark R},
  journal={Journal of Physical Oceanography},
  volume={45},
  number={8},
  pages={2114--2133},
  year={2015}
}

@article{bassin2005sub,
  title={Sub-mesoscale coastal eddies observed by high frequency radar: A new mechanism for delivering nutrients to kelp forests in the Southern California Bight},
  author={Bassin, Corinne J and Washburn, Libe and Brzezinski, Mark and McPhee-Shaw, Erika},
  journal={Geophysical Research Letters},
  volume={32},
  number={12},
  year={2005},
  publisher={Wiley Online Library}
}

@article{mooers1984turbulent,
  title={Turbulent jets and eddies in the California Current and inferred cross-shore transports},
  author={Mooers, Christopher NK and Robinson, Allan R},
  journal={Science},
  volume={223},
  number={4631},
  pages={51--53},
  year={1984},
  publisher={American Association for the Advancement of Science}
}

@article{correa2007mesoscale,
  title={Mesoscale eddies and high chlorophyll concentrations off central Chile (29--39 S)},
  author={Correa-Ramirez, Marco A and Hormaz{\'a}bal, Samuel and Yuras, Gabriel},
  journal={Geophysical Research Letters},
  volume={34},
  number={12},
  year={2007},
  publisher={Wiley Online Library}
}

@article{fox2011parameterization,
  title={Parameterization of mixed layer eddies. III: Implementation and impact in global ocean climate simulations},
  author={Fox-Kemper, Baylor and Danabasoglu, Gokhan and Ferrari, Raffaele and Griffies, Stephen M and Hallberg, Robert W and Holland, Marika M and Maltrud, Mathew E and Peacock, Synte and Samuels, Bonnie L},
  journal={Ocean Modelling},
  volume={39},
  number={1-2},
  pages={61--78},
  year={2011},
  publisher={Elsevier}
}

@article{fox2008parameterization,
  title={Parameterization of mixed layer eddies. Part I: Theory and diagnosis},
  author={Fox-Kemper, Baylor and Ferrari, Raffaele and Hallberg, Robert},
  journal={Journal of Physical Oceanography},
  volume={38},
  number={6},
  pages={1145--1165},
  year={2008}
}

@article{brannigan2016intense,
  title={Intense submesoscale upwelling in anticyclonic eddies},
  author={Brannigan, L},
  journal={Geophysical Research Letters},
  volume={43},
  number={7},
  pages={3360--3369},
  year={2016},
  publisher={Wiley Online Library}
}

@article{heidemann2019marine,
  title={Marine heat waves and the influence of El Ni{\~n}o off southeast Queensland, Australia},
  author={Heidemann, Hanna and Ribbe, Joachim},
  journal={Frontiers in Marine Science},
  volume={6},
  number={Article 56},
  pages={1--15},
  year={2019},
  publisher={Frontiers Research Foundation}
}

@article{oliver2018longer,
  title={Longer and more frequent marine heatwaves over the past century},
  author={Oliver, Eric CJ and Donat, Markus G and Burrows, Michael T and Moore, Pippa J and Smale, Dan A and Alexander, Lisa V and Benthuysen, Jessica A and Feng, Ming and Gupta, Alex Sen and Hobday, Alistair J and others},
  journal={Nature communications},
  volume={9},
  number={1},
  pages={1324},
  year={2018},
  publisher={Nature Publishing Group}
}

@article{menemenlis2005using,
  title={Using Green's functions to calibrate an ocean general circulation model},
  author={Menemenlis, Dimitris and Fukumori, Ichiro and Lee, Tong},
  journal={Monthly weather review},
  volume={133},
  number={5},
  pages={1224--1240},
  year={2005}
}

@article{menemenlis2005nasa,
  title={NASA supercomputer improves prospects for ocean climate research},
  author={Menemenlis, D and Hill, C and Adcrocft, A and Campin, J-M and Cheng, B and Ciotti, B and Fukumori, I and Heimbach, P and Henze, C and K{\"o}hl, A and others},
  journal={Eos, Transactions American Geophysical Union},
  volume={86},
  number={9},
  pages={89--96},
  year={2005},
  publisher={Wiley Online Library}
}

@article{marshall1997finite,
  title={A finite-volume, incompressible Navier Stokes model for studies of the ocean on parallel computers},
  author={Marshall, John and Adcroft, Alistair and Hill, Chris and Perelman, Lev and Heisey, Curt},
  journal={Journal of Geophysical Research: Oceans},
  volume={102},
  number={C3},
  pages={5753--5766},
  year={1997},
  publisher={Wiley Online Library}
}

@article{zhang1997efficient,
  title={On an efficient numerical method for modeling sea ice dynamics},
  author={Zhang, Jinlun and Hibler III, WD},
  journal={Journal of Geophysical Research: Oceans},
  volume={102},
  number={C4},
  pages={8691--8702},
  year={1997},
  publisher={Wiley Online Library}
}

@article{adcroft2004implementation,
  title={Implementation of an atmosphere--ocean general circulation model on the expanded spherical cube},
  author={Adcroft, Alistair and Campin, Jean-Michel and Hill, Chris and Marshall, John},
  journal={Monthly Weather Review},
  volume={132},
  number={12},
  pages={2845--2863},
  year={2004}
}

@article{hurrell2013community,
  title={The community earth system model: a framework for collaborative research},
  author={Hurrell, James W and Holland, Marika M and Gent, Peter R and Ghan, Steven and Kay, Jennifer E and Kushner, Paul J and Lamarque, J-F and Large, William G and Lawrence, D and Lindsay, Keith and others},
  journal={Bulletin of the American Meteorological Society},
  volume={94},
  number={9},
  pages={1339--1360},
  year={2013},
  publisher={American Meteorological Society}
}

@article{ringler2013multi,
  title={A multi-resolution approach to global ocean modeling},
  author={Ringler, Todd and Petersen, Mark and Higdon, Robert L and Jacobsen, Doug and Jones, Philip W and Maltrud, Mathew},
  journal={Ocean Modelling},
  volume={69},
  pages={211--232},
  year={2013},
  publisher={Elsevier}
}


@article{Hunke1997,
author = {Hunke, Elizabeth C. and Dukowicz, J K},
journal = {J. Phys. Oceanogr.},
number = {9},
pages = {1849--1867},
title = {{An elastic-viscous-plastic model for sea ice dynamics}},
volume = {27},
year = {1997}
}

@article{Hunke2013,
author = {Hunke, Elizabeth C. and Hebert, David A. and Lecomte, Olivier},
doi = {10.1016/j.ocemod.2012.11.008},
journal = {Ocean Modelling},
pages = {26--42},
title = {{Level-ice melt ponds in the Los Alamos sea ice model, CICE}},
volume = {71},
year = {2013}
}

@article{Bitz1999,
author = {Bitz, Cecilia M. and Lipscomb, William H.},
doi = {10.1029/1999JC900100},
journal = {Journal of Geophysical Research},
number = {C7},
pages = {15669--15677},
title = {{An energy-conserving thermodynamic model of sea ice}},
volume = {104},
year = {1999}
}

@article{Turner2015,
author = {Turner, A K and Hunke, Elizabeth C.},
doi = {10.1002/2014JC010358},
journal = {J. Geophys. Res.},
pages = {1253--1275},
title = {{Impacts of a mushy-layer thermodynamic approach in global sea-ice simulations using the CICE sea-ice model}},
volume = {120},
year = {2015}
}

@ARTICLE{Skamarock_Gassmann11jcp,
   author = {{Skamarock}, W.~C. and {Gassmann}, A.},
    title = "Conservative Transport Schemes for Spherical Geodesic Grids: High-Order Flux Operators for {ODE}-Based Time Integration",
  journal = MWR,
     year = 2011,
    month = sep,
   volume = 139,
    pages = {2962-2975},
      doi = {10.1175/MWR-D-10-05056.1},
   adsurl = {http://adsabs.harvard.edu/abs/2011MWRv..139.2962S},
  adsnote = {Provided by the SAO/NASA Astrophysics Data System}
}

@incollection{Arakawa77,
title = {{Computational design of the basic dynamical processes of the UCLA General Circulation Model}},
editor = "Julius Chang",
series = "Methods in Computational Physics: Advances in Research and Applications",
publisher = "Elsevier",
volume = "17",
pages = "173--265",
year = "1977",
booktitle = "General Circulation Models of the Atmosphere",
issn = "0076-6860",
doi = "10.1016/B978-0-12-460817-7.50009-4",
url = "http://www.sciencedirect.com/science/article/pii/B9780124608177500094",
author = "Akio Arakawa and Vivian R. Lamb"
}

@article{thuburn_numerical_2009,
  title = {Numerical representation of geostrophic modes on arbitrarily structured {C}-grids},
  volume = {228},
  issn = {0021-9991},
  url = {http://www.sciencedirect.com/science/article/pii/S0021999109004434},
  doi = {10.1016/j.jcp.2009.08.006},
  number = {22},
  urldate = {2018-02-21},
  journal = {Journal of Computational Physics},
  author = {Thuburn, J. and Ringler, T. D. and Skamarock, W. C. and Klemp, J. B.},
  month = dec,
  year = {2009},
  pages = {8321--8335},
  file = {ScienceDirect Snapshot:/Users/mpeterse/Zotero/storage/ANRG54EU/S0021999109004434.html:text/html;Thuburn et al. - 2009 - Numerical representation of geostrophic modes on a.pdf:/Users/mpeterse/Zotero/storage/CUAV4L2Q/Thuburn et al. - 2009 - Numerical representation of geostrophic modes on a.pdf:application/pdf}
}

@article{reckinger_study_2015,
  title = {A study of overflow simulations using {MPAS}-{Ocean}: {Vertical} grids, resolution, and viscosity},
  volume = {96},
  issn = {1463-5003},
  shorttitle = {A study of overflow simulations using {MPAS}-{Ocean}},
  url = {http://www.sciencedirect.com/science/article/pii/S146350031500164X},
  doi = {10.1016/j.ocemod.2015.09.006},
  urldate = {2018-02-21},
  journal = {Ocean Modelling},
  author = {Reckinger, Shanon M. and Petersen, Mark R. and Reckinger, Scott J.},
  month = dec,
  year = {2015},
  keywords = {MPAS-Ocean, Dynamics of overflow mixing and entrainment (DOME), Model resolution, Sigma vertical coordinate, Z-star with partial bottom cells},
  pages = {291--313},
  file = {ScienceDirect Snapshot:/Users/mpeterse/Zotero/storage/SD6DXKXE/S146350031500164X.html:text/html}
}

@article{petersen_evaluation_2015,
  title = {Evaluation of the arbitrary {Lagrangian}--{Eulerian} vertical coordinate method in the {MPAS}-{Ocean} model},
  volume = {86},
  issn = {1463-5003},
  url = {http://www.sciencedirect.com/science/article/pii/S1463500314001796},
  doi = {10.1016/j.ocemod.2014.12.004},
  urldate = {2018-02-21},
  journal = {Ocean Modelling},
  author = {Petersen, Mark R. and Jacobsen, Douglas W. and Ringler, Todd D. and Hecht, Matthew W. and Maltrud, Mathew E.},
  year = {2015},
  keywords = {Arbitrary Lagrangian–Eulerian coordinate method, Diapycnal ocean mixing, Ocean modeling, Unstructured mesh},
  pages = {93--113},
  file = {ScienceDirect Snapshot:/Users/mpeterse/Zotero/storage/D4G9YVSV/S1463500314001796.html:text/html}
}

@article{Ringler_et10,
title = {{A unified approach to energy conservation and potential vorticity dynamics for arbitrarily-structured C-grids}},
journal = "Journal of Computational Physics",
volume = "229",
number = "9",
pages = "3065--3090",
year = "2010",
doi = "10.1016/j.jcp.2009.12.007",
author = "T.D. Ringler and J. Thuburn and J.B. Klemp and W.C. Skamarock"
}

@article{Gettelman_Morrison15,
  doi = {10.1175/jcli-d-14-00102.1},
  year  = {2015},
  volume = {28},
  number = {3},
  pages = {1268--1287},
  author = {A. Gettelman and H. Morrison},
  title = {Advanced Two-Moment Bulk Microphysics for Global Models. Part I: Off-Line Tests and Comparison with Other Schemes},
  journal = {Journal of Climate}
}

@article{ Gettelman_et15,
  doi = {10.1175/jcli-d-14-00103.1},
  year  = {2015},
  volume = {28},
  number = {3},
  pages = {1288--1307},
  author = {A. Gettelman and H. Morrison and S. Santos and P. Bogenschutz and P. M. Caldwell},
  title = {Advanced Two-Moment Bulk Microphysics for Global Models. {P}art {II}: Global Model Solutions and Aerosol-Cloud Interactions},
  journal = {Journal of Climate}
}

@article{ Golaz_et02,
  author = {J.-C. Golaz and V. E. Larson and W. R. Cotton},
  title = {A {PDF}-based model for boundary layer clouds.
{P}art {I}: {M}ethod and model description},
  year = {2002},
  journal = {Journal of the Atmospheric Sciences},
  volume = {59},
  number = {24},
  pages = {3540-3551},
  doi = {10.1175/1520-0469(2002)059<3540:APBMFB>2.0.CO;2}
}

@article{ Larson_Golaz05,
  author = {V. E. Larson and J.-C. Golaz},
  title = {Using probability density functions to derive consistent closure
relationships among higher-order moments},
  journal = {Monthly Weather Review},
  year = {2005},
  volume = {133},
  number = {4},
  pages = {1023-1042},
  doi = {10.1175/MWR2902.1}
}

@misc{ Larson_17,
  author = {Vincent E. Larson},
  title = {{CLUBB-SILHS}: A parameterization of subgrid variability in the atmosphere},
  year = {2017},
  note = {arXiv:1711.03675},
}

@article{gent1990isopycnal,
  title={Isopycnal mixing in ocean circulation models},
  author={Gent, Peter R and Mcwilliams, James C},
  journal={Journal of Physical Oceanography},
  volume={20},
  number={1},
  pages={150--155},
  year={1990}
}

@article{stewart2017vertical,
  title={Vertical resolution of baroclinic modes in global ocean models},
  author={Stewart, KD and Hogg, A McC and Griffies, SM and Heerdegen, AP and Ward, ML and Spence, P and England, MH},
  journal={Ocean Modelling},
  volume={113},
  pages={50--65},
  year={2017},
  publisher={Elsevier}
}

@article{ Rasch_et19,
  year  = {2019},
  note = {Joint submission to AGU Special Collection on E3SM,},
  author = {P. J. Rasch and S. Xie and P.-L. Ma and W. Lin and H. Wang and Q. Tang
            and S. M. Burrows and P. Caldwell and K. Zhang and R. C. Easter and P. Cameron-Smith 
            and B. Singh and H. Wan and J.-C. Golaz and B. E. Harrop and E. Roesler and J. Bacmeister
            and V. E. Larson and K. J. Evans and Y. Qian and M. Taylor and L.R. Leung and Y. Zhang 
            and L. Brent and M. Branstetter and C. Hannay and S. Mahajan and A. Mametjanov 
            and R. Neale and J. H. Richter and J-H. Yoon and C. S. Zender and D. Bader 
            and M. Flanner and J. G. Foucar and R. Jacob and N.Keen and S. A. Klein and X. Liu
            and A. G. Salinger and M. Shrivastava and Y. Yang},
  title = {An {O}verview of the {A}tmospheric {C}omponent of the {E}nergy {E}xascale {E}arth {S}ystem {M}odel},
  journal = {Journal of Advances in Modeling Earth Systems}
}

@article{ Zhang_McFarlane95,
  doi = {10.1080/07055900.1995.9649539},
  year  = {1995},
  volume = {33},
  number = {3},
  pages = {407--446},
  author = {G.J. Zhang and Norman A. McFarlane},
  title = {Sensitivity of climate simulations to the parameterization of cumulus convection in the {C}anadian climate centre general circulation model},
  journal = {Atmosphere-Ocean}
}

@article{Hsu_Prather09,
   author = {Hsu, J. and Prather, M. J.},
   title = {Stratospheric variability and tropospheric ozone},
   journal = {Journal of Geophysical Research-Atmospheres},
   volume = {114},
   pages = {15},
   doi = {10.1029/2008jd010942},
   year = {2009},
}

@article{Holland_et12,
author = {Holland, Marika M. and Bailey, David A. and Briegleb, Bruce P. and Light, Bonnie and Hunke, Elizabeth},
title = {Improved Sea Ice Shortwave Radiation Physics in CCSM4: The Impact of Melt Ponds and Aerosols on Arctic Sea Ice},
journal = {Journal of Climate},
volume = {25},
number = {5},
pages = {1413-1430},
year = {2012},
doi = {10.1175/JCLI-D-11-00078.1},

URL = { 
        https://doi.org/10.1175/JCLI-D-11-00078.1
    
},
eprint = { 
        https://doi.org/10.1175/JCLI-D-11-00078.1
    
}
}
@article{Dennis_et12,
author = {John M. Dennis and Jim Edwards and Katherine J. Evans and Oksana Guba and Peter H. Lauritzen and Arthur A. Mirin and Amik St-Cyr and Mark A. Taylor and Patrick H. Worley},
title ={CAM-SE: A scalable spectral element dynamical core for the Community Atmosphere Model},
journal = {The International Journal of High Performance Computing Applications},
volume = {26},
number = {1},
pages = {74-89},
year = {2012},
doi = {10.1177/1094342011428142},

URL = { 
        https://doi.org/10.1177/1094342011428142
    
},
eprint = { 
        https://doi.org/10.1177/1094342011428142
    
}
}

@article{ Xie_et18,
  doi = {10.1029/2018ms001350},
  year  = {2018},
  author = {Shaocheng Xie and Wuyin Lin and Philip J. Rasch and Po-Lun Ma and Richard Neale and Vincent E. Larson and Yun Qian and Peter A. Bogenschutz and Peter Caldwell and Philip Cameron-Smith and Jean-Christophe Golaz and Salil Mahajan and Balwinder Singh and Qi Tang and Hailong Wang and Jin-Ho Yoon and Kai Zhang and Yuying Zhang},
  title = {Understanding Cloud and Convective Characteristics in Version 1 of the {E3SM} {A}tmosphere {M}odel},
  journal = {Journal of Advances in Modeling Earth Systems}
}



@article{haarsma2016high,
  title={High resolution model intercomparison project (HighResMIP v1. 0) for CMIP6},
  author={Haarsma, Reindert J and Roberts, Malcolm J and Vidale, Pier Luigi and Senior, Catherine A and Bellucci, Alessio and Bao, Qing and Chang, Ping and Corti, Susanna and Fu{\v{c}}kar, Neven S and Guemas, Virginie and others},
  journal={Geoscientific Model Development},
  volume={9},
  number={11},
  pages={4185--4208},
  year={2016},
  publisher={European Geosciences Union}
}

@article{golaz2018doe,
  title={The DOE E3SM coupled model version 1: Overview and evaluation at standard resolution},
  author={Golaz, Jean-Christophe and Caldwell, Peter M and Van Roekel, Luke P and Petersen, Mark R and Tang, Qi and Wolfe, Jonathan D and Abeshu, Guta and Anantharaj, Valentine and Asay-Davis, Xylar S and Bader, David C and others},
  journal={Journal of Advances in Modeling Earth Systems},
  year={2018},
  publisher={Wiley Online Library}
}

@article{alexander2002atmospheric,
  title={The atmospheric bridge: The influence of ENSO teleconnections on air--sea interaction over the global oceans},
  author={Alexander, Michael A and Blad{\'e}, Ileana and Newman, Matthew and Lanzante, John R and Lau, Ngar-Cheung and Scott, James D},
  journal={Journal of Climate},
  volume={15},
  number={16},
  pages={2205--2231},
  year={2002}
}
@article{bograd2015changes,
  title={Changes in source waters to the Southern California Bight},
  author={Bograd, Steven J and Buil, Mercedes Pozo and Di Lorenzo, Emanuele and Castro, Carmen G and Schroeder, Isaac D and Goericke, Ralf and Anderson, Clarissa R and Benitez-Nelson, Claudia and Whitney, Frank A},
  journal={Deep Sea Research Part II: Topical Studies in Oceanography},
  volume={112},
  pages={42--52},
  year={2015},
  publisher={Elsevier}
}
@article{bograd2019water,
  title={A Water Mass History of the Southern California Current System},
  author={Bograd, Steven J and Schroeder, Isaac D and Jacox, Michael G},
  journal={Geophysical Research Letters},
  year={2019},
  publisher={Wiley Online Library}
}
@article{chhak2007decadal,
  title={Decadal variations in the California Current upwelling cells},
  author={Chhak, K and Di Lorenzo, E},
  journal={Geophysical Research Letters},
  volume={34},
  number={14},
  year={2007},
  publisher={Wiley Online Library}
}
@article{chhak2009forcing,
  title={Forcing of low-frequency ocean variability in the northeast Pacific},
  author={Chhak, Kettyah C and Di Lorenzo, Emanuele and Schneider, Niklas and Cummins, Patrick F},
  journal={Journal of Climate},
  volume={22},
  number={5},
  pages={1255--1276},
  year={2009}
}
@article{checkley2009patterns,
  title={Patterns and processes in the California Current System},
  author={Checkley Jr, David M and Barth, John A},
  journal={Progress in Oceanography},
  volume={83},
  number={1-4},
  pages={49--64},
  year={2009},
  publisher={Elsevier}
}
@article{chen1996multiscale,
  title={Multiscale variability of deep convection in realation to large-scale circulation in TOGA COARE},
  author={Chen, Shuyi S and Houze Jr, Robert A and Mapes, Brian E},
  journal={Journal of the Atmospheric Sciences},
  volume={53},
  number={10},
  pages={1380--1409},
  year={1996}
}
@article{chen2015strong,
  title={Strong influence of westerly wind bursts on El Ni{\~n}o diversity},
  author={Chen, Dake and Lian, Tao and Fu, Congbin and Cane, Mark A and Tang, Youmin and Murtugudde, Raghu and Song, Xunshu and Wu, Qiaoyan and Zhou, Lei},
  journal={Nature Geoscience},
  volume={8},
  number={5},
  pages={339},
  year={2015},
  publisher={Nature Publishing Group}
}
@article{chiodi2014subseasonal,
  title={Subseasonal atmospheric variability and El Ni{\~n}o waveguide warming: Observed effects of the Madden--Julian oscillation and westerly wind events},
  author={Chiodi, Andrew M and Harrison, Don E and Vecchi, Gabriel A},
  journal={Journal of Climate},
  volume={27},
  number={10},
  pages={3619--3642},
  year={2014}
}
@article{combes2013cross,
  title={Cross-shore transport variability in the California Current: Ekman upwelling vs. eddy dynamics},
  author={Combes, V and Chenillat, Fanny and Di Lorenzo, E and Rivi{\`e}re, P and Ohman, MD and Bograd, SJ},
  journal={Progress in Oceanography},
  volume={109},
  pages={78--89},
  year={2013},
  publisher={Elsevier}
}
@article{connolly2014coastal,
  title={Coastal trapped waves, alongshore pressure gradients, and the California Undercurrent},
  author={Connolly, Thomas P and Hickey, Barbara M and Shulman, Igor and Thomson, Richard E},
  journal={Journal of Physical Oceanography},
  volume={44},
  number={1},
  pages={319--342},
  year={2014}
}
@article{di2009nutrient,
  title={Nutrient and salinity decadal variations in the central and eastern North Pacific},
  author={Di Lorenzo, E and Fiechter, J and Schneider, N and Bracco, A and Miller, AJ and Franks, PJS and Bograd, SJ and Moore, AM and Thomas, AC and Crawford, W and others},
  journal={Geophysical Research Letters},
  volume={36},
  number={14},
  year={2009},
  publisher={Wiley Online Library}
}
@article{di2013synthesis,
  title={Synthesis of Pacific Ocean climate and ecosystem dynamics},
  author={Di Lorenzo, Emanuele and Combes, Vincent and Keister, Julie E and Strub, P Ted and Thomas, Andrew C and Franks, Peter JS and Ohman, Mark D and Furtado, Jason C and Bracco, Annalisa and Bograd, Steven J and others},
  journal={Oceanography},
  volume={26},
  number={4},
  pages={68--81},
  year={2013},
  publisher={JSTOR}
}
@article{durski2017influence,
  title={The influence of variable slope-water characteristics on dissolved oxygen levels in the northern California Current System},
  author={Durski, Scott M and Barth, John A and McWilliams, James C and Frenzel, Hartmut and Deutsch, Curtis},
  journal={Journal of Geophysical Research: Oceans},
  volume={122},
  number={9},
  pages={7674--7697},
  year={2017},
  publisher={Wiley Online Library}
}
@article{eisenman2005westerly,
  title={Westerly wind bursts: ENSO’s tail rather than the dog?},
  author={Eisenman, Ian and Yu, Lisan and Tziperman, Eli},
  journal={Journal of Climate},
  volume={18},
  number={24},
  pages={5224--5238},
  year={2005}
}
@article{enfield1980structure,
  title={On the structure and dynamics of monthly mean sea level anomalies along the Pacific coast of North and South America},
  author={Enfield, David B and Allen, JS},
  journal={Journal of Physical Oceanography},
  volume={10},
  number={4},
  pages={557--578},
  year={1980}
}
@article{engida2016remote,
  title={Remote forcing of subsurface currents and temperatures near the northern limit of the California Current System},
  author={Engida, Zelalem and Monahan, Adam and Ianson, Debby and Thomson, Richard E},
  journal={Journal of Geophysical Research: Oceans},
  volume={121},
  number={10},
  pages={7244--7262},
  year={2016},
  publisher={Wiley Online Library}
}
@article{emery1985atmospheric,
  title={Atmospheric forcing of interannual variability in the northeast Pacific Ocean: Connections with El Ni{\~n}o},
  author={Emery, William J and Hamilton, Kevin},
  journal={Journal of Geophysical Research: Oceans},
  volume={90},
  number={C1},
  pages={857--868},
  year={1985},
  publisher={Wiley Online Library}
}
@article{fedorov2015impact,
  title={The impact of westerly wind bursts and ocean initial state on the development, and diversity of El Ni{\~n}o events},
  author={Fedorov, Alexey V and Hu, Shineng and Lengaigne, Matthieu and Guilyardi, Eric},
  journal={Climate Dynamics},
  volume={44},
  number={5-6},
  pages={1381--1401},
  year={2015},
  publisher={Springer}
}
@article{feng2018assessing,
  title={Assessing the Relationship between MJO and Equatorial Pacific WWBs in Observations and CMIP5 Models},
  author={Feng, Jie and Lian, Tao},
  journal={Journal of Climate},
  volume={31},
  number={16},
  pages={6393--6410},
  year={2018}
}
@article{frischknecht2015remote,
  title={Remote versus local influence of ENSO on the California Current System},
  author={Frischknecht, Martin and M{\"u}nnich, Matthias and Gruber, Nicolas},
  journal={Journal of Geophysical Research: Oceans},
  volume={120},
  number={2},
  pages={1353--1374},
  year={2015},
  publisher={Wiley Online Library}
}
@article{griffies2004technical,
  title={A technical guide to MOM4},
  author={Griffies, Stephen M and Harrison, Matthew J and Pacanowski, Ronald C and Rosati, Anthony},
  journal={GFDL Ocean Group Tech. Rep},
  volume={5},
  pages={371},
  year={2004},
  publisher={Citeseer}
}
@article{hermann2009comparison,
  title={A comparison of remote vs. local influence of El Nino on the coastal circulation of the northeast Pacific},
  author={Hermann, Albert J and Curchitser, Enrique N and Haidvogel, Dale B and Dobbins, Elizabeth L},
  journal={Deep Sea Research Part II: Topical Studies in Oceanography},
  volume={56},
  number={24},
  pages={2427--2443},
  year={2009},
  publisher={Elsevier}
}
@article{hickey2003local,
  title={Local and remote forcing of currents and temperature in the central Southern California Bight},
  author={Hickey, BM and Dobbins, EL and Allen, Susan E},
  journal={Journal of Geophysical Research: Oceans},
  volume={108},
  number={C3},
  year={2003},
  publisher={Wiley Online Library}
}
@article{hickey2006evolution,
  title={Evolution of chemical, biological, and physical water properties in the northern California Current in 2005: Remote or local wind forcing?},
  author={Hickey, B and MacFadyen, A and Cochlan, W and Kudela, R and Bruland, K and Trick, C},
  journal={Geophysical Research Letters},
  volume={33},
  number={22},
  year={2006},
  publisher={Wiley Online Library}
}
@article{hickey2016alongcoast,
  title={Alongcoast structure and interannual variability of seasonal midshelf water properties and velocity in the Northern California Current System},
  author={Hickey, B and Geier, S and Kachel, N and Ramp, S and Kosro, PM and Connolly, Thomas},
  journal={Journal of Geophysical Research: Oceans},
  volume={121},
  number={10},
  pages={7408--7430},
  year={2016},
  publisher={Wiley Online Library}
}
@article{jacox2015enso,
  title={ENSO and the California Current coastal upwelling response},
  author={Jacox, Michael G and Fiechter, Jerome and Moore, Andrew M and Edwards, Christopher A},
  journal={Journal of Geophysical Research: Oceans},
  volume={120},
  number={3},
  pages={1691--1702},
  year={2015},
  publisher={Wiley Online Library}
}
@article{mcphaden1988response,
  title={The response of the equatorial Pacific Ocean to a westerly wind burst in May 1986},
  author={McPhaden, Michael J and Freitag, H Paul and Hayes, Stanley P and Taft, Bruce A and Chen, Zeshi and Wyrtki, Klaus},
  journal={Journal of Geophysical Research: Oceans},
  volume={93},
  number={C9},
  pages={10589--10603},
  year={1988},
  publisher={Wiley Online Library}
}
@article{meinvielle2013decadal,
  title={Decadal water-property trends in the California Undercurrent, with implications for ocean acidification},
  author={Meinvielle, M and Johnson, Gregory C},
  journal={Journal of Geophysical Research: Oceans},
  volume={118},
  number={12},
  pages={6687--6703},
  year={2013},
  publisher={Wiley Online Library}
}
@article{nam2015seasonal,
  title={Seasonal advection of Pacific Equatorial Water alters oxygen and pH in the Southern California Bight},
  author={Nam, SungHyun and Takeshita, Yuichiro and Frieder, Christina A and Martz, Todd and Ballard, John},
  journal={Journal of Geophysical Research: Oceans},
  volume={120},
  number={8},
  pages={5387--5399},
  year={2015},
  publisher={Wiley Online Library}
}
@article{ray2018understanding,
  title={Understanding the equatorial Pacific cold tongue time-mean heat budget. Part I: Diagnostic framework},
  author={Ray, Sulagna and Wittenberg, Andrew T and Griffies, Stephen M and Zeng, Fanrong},
  journal={Journal of Climate},
  volume={31},
  number={24},
  pages={9965--9985},
  year={2018}
}
@article{ray2018evaluation,
  title={Understanding the equatorial Pacific cold tongue time-mean heat budget. Part II: Evaluation of the GFDL-FLOR coupled GCM},
  author={Ray, Sulagna and Wittenberg, Andrew T and Griffies, Stephen M and Zeng, Fanrong},
  journal={Journal of Climate},
  volume={31},
  number={24},
  pages={9987--10011},
  year={2018}
}
@article{reed1976observations,
  title={Observations of the California Undercurrent off Washington and Vancouver Island},
  author={Reed, RK and Halpern, D},
  journal={Limnology and oceanography},
  volume={21},
  number={3},
  pages={389--398},
  year={1976},
  publisher={Wiley Online Library}
}
@article{saha2010ncep,
  title={The NCEP climate forecast system reanalysis},
  author={Saha, Suranjana and Moorthi, Shrinivas and Pan, Hua-Lu and Wu, Xingren and Wang, Jiande and Nadiga, Sudhir and Tripp, Patrick and Kistler, Robert and Woollen, John and Behringer, David and others},
  journal={Bulletin of the American Meteorological Society},
  volume={91},
  number={8},
  pages={1015--1058},
  year={2010},
  publisher={American Meteorological Society}
}
@article{siedlecki2016experiments,
  title={Experiments with seasonal forecasts of ocean conditions for the northern region of the California Current upwelling system},
  author={Siedlecki, Samantha A and Kaplan, Isaac C and Hermann, Albert J and Nguyen, Thanh Tam and Bond, Nicholas A and Newton, Jan A and Williams, Gregory D and Peterson, William T and Alin, Simone R and Feely, Richard A},
  journal={Scientific reports},
  volume={6},
  pages={27203},
  year={2016},
  publisher={Nature Publishing Group}
}
@article{stone2018effect,
  title={The effect of alongcoast advection on Pacific Northwest shelf and slope water properties in relation to upwelling variability},
  author={Stone, Hally B and Banas, Neil S and MacCready, Parker},
  journal={Journal of Geophysical Research: Oceans},
  volume={123},
  number={1},
  pages={265--286},
  year={2018},
  publisher={Wiley Online Library}
}
@article{strub2002altimeter,
  title={Altimeter-derived surface circulation in the large-scale NE Pacific Gyres.: Part 2: 1997--1998 El Ni{\~n}o anomalies},
  author={Strub, P Ted and James, Corinne},
  journal={Progress in Oceanography},
  volume={53},
  number={2-4},
  pages={185--214},
  year={2002},
  publisher={Elsevier}
}
@article{thomson2010poleward,
  title={Poleward reach of the California Undercurrent extension},
  author={Thomson, Richard E and Krassovski, Maxim V},
  journal={Journal of Geophysical Research: Oceans},
  volume={115},
  number={C9},
  year={2010},
  publisher={Wiley Online Library}
}
@article{turi2018,
  title={Response of O2 and pH to ENSO in the California Current System in a high-resoluition global climate model},
  author={Turi, G. and Alexander, M and Lovenduski, N S and Capotondi, A and Scott, J and Stock, C and Dunne, J and John, J and Jacox, J},
  journal={Ocean Sciences},
  volume={14},
  pages={69--86},
  year={2018},
}
@article{yang2019upscale,
  title={Upscale Impact of Mesoscale Convective Systems and Its Parameterization in an Idealized GCM for an MJO Analog above the Equator},
  author={Yang, Qiu and Majda, Andrew J and Moncrieff, Mitchell W},
  journal={Journal of the Atmospheric Sciences},
  volume={76},
  number={3},
  pages={865--892},
  year={2019}
}